{"m":"t.s","t":[{"d":"BUY","p":0.365,"q":21.917808,"sq":8,"ts":1677268262832206,"i":"f5c0df66-7f02-9545-a4b7-18d4e2c3b5e7"},{"d":"BUY","p":0.365,"q":54.794521,"sq":20,"ts":1677268176975472,"i":"f50e2ead-1100-314a-a4b5-4c4a46b32d0e"},{"d":"BUY","p":0.366,"q":54.644809,"sq":20,"ts":1677261450028699,"i":"bf02b7d5-d8f3-53c2-b968-2e28f028c4b2"},{"d":"BUY","p":0.365,"q":547.945205,"sq":200,"ts":1677260263382551,"i":"6079c0d9-d2d5-278b-accc-0200564840c6"},{"d":"BUY","p":0.366,"q":2.732551,"sq":1.000114,"ts":1677255394678436,"i":"cd388fbd-b4f0-dffc-b226-ce2f249ddc82"},{"d":"BUY","p":0.365,"q":2.740041,"sq":1.000115,"ts":1677255274233167,"i":"cd41bd4e-9c13-44fa-b21e-b41f0427811d"},{"d":"SELL","p":0.378,"q":25,"sq":9.45,"ts":1677247712056472,"i":"ae4c8ac5-b450-81d3-a23e-75de6ea4a84f"},{"d":"SELL","p":0.378,"q":14.831273,"sq":5.606221,"ts":1677247712056416,"i":"aed71701-d117-9add-a22a-9efae4b7249a"},{"d":"BUY","p":0.38,"q":13.157895,"sq":5,"ts":1677246927939055,"i":"7704b64b-9c3e-fdb5-9ce4-3d9a760d7e6c"},{"d":"SELL","p":0.381,"q":126.906384,"sq":48.351332,"ts":1677235397845706,"i":"d5a6ac7c-3f5f-2159-a6a2-22690b70afe0"},{"d":"SELL","p":0.381,"q":70.853414,"sq":26.995151,"ts":1677234833141851,"i":"7ffee973-0c2d-2306-a023-9d08da590c89"},{"d":"BUY","p":0.379,"q":2.638522,"sq":1,"ts":1677234212399811,"i":"c87afbac-2ad2-20d9-81c0-d3bc3f6f2a8e"},{"d":"SELL","p":0.38,"q":18.860237,"sq":7.16689,"ts":1677233958315686,"i":"572b86be-0a28-ad18-9283-dd487f7499b8"},{"d":"BUY","p":0.381,"q":34.226486,"sq":13.040291,"ts":1677214857518930,"i":"2f373ec8-fe1b-4c8e-9e46-54f0750133ad"},{"d":"BUY","p":0.382,"q":78.534031,"sq":30,"ts":1677205108537298,"i":"01d9346d-6eb8-fe2e-87a3-d01e9c95bfc4"},{"d":"BUY","p":0.383,"q":229.709131,"sq":87.978597,"ts":1677188771478172,"i":"970ef3cc-6dbf-1def-ad4b-90aa10ddd6f5"},{"d":"BUY","p":0.385,"q":5.235166,"sq":2.015539,"ts":1677183910232916,"i":"628cddec-ed65-4dfb-aac6-d2b56daa2240"},{"d":"BUY","p":0.383,"q":26.109661,"sq":10,"ts":1677181659086230,"i":"780125c3-d6dc-4c54-a356-06db04825e13"},{"d":"BUY","p":0.381,"q":27.962238,"sq":10.653613,"ts":1677176970403483,"i":"96822d06-dc76-69b8-b9e6-5658a2193fac"},{"d":"SELL","p":0.38,"q":28.074536,"sq":10.668324,"ts":1677176190086542,"i":"b0042590-da86-358a-b762-2622dcc56d97"},{"d":"SELL","p":0.38,"q":22.080241,"sq":8.390492,"ts":1677175210128413,"i":"5a3189de-f87a-a057-92a5-562439401c82"},{"d":"SELL","p":0.38,"q":6.45106,"sq":2.451403,"ts":1677175210128279,"i":"5a02042d-71dd-125c-92b5-3f046aeee0bc"},{"d":"SELL","p":0.383,"q":37.738044,"sq":14.453671,"ts":1677174594222371,"i":"fbf7e4a0-ffab-faa5-8513-556227d80b84"},{"d":"BUY","p":0.384,"q":40.363003,"sq":15.499393,"ts":1677153088969987,"i":"5711e1f8-f985-a3c4-b8d4-dcdd86e1acf2"},{"d":"BUY","p":0.393,"q":28.471422,"sq":11.189269,"ts":1677138501468600,"i":"00152fb4-1901-a5fa-8401-7a4f815a5abe"},{"d":"SELL","p":0.389,"q":29.2,"sq":11.3588,"ts":1677134567379194,"i":"2d7cc9b0-6400-3016-bd4b-6d22078e0d89"},{"d":"BUY","p":0.389,"q":77.120823,"sq":30,"ts":1677111326515715,"i":"6b2d967a-37b2-0801-ade9-fe83ed722010"},{"d":"BUY","p":0.386,"q":2.590674,"sq":1,"ts":1677105014938029,"i":"011ddaa4-a0b6-af48-a50f-4a9912a47b90"},{"d":"BUY","p":0.382,"q":26.17801,"sq":10,"ts":1677090628314692,"i":"8fc98e32-3d68-4e85-98b6-4849add3ae6f"},{"d":"BUY","p":0.38,"q":2.631878,"sq":1.000114,"ts":1677085791399864,"i":"576aa886-6f08-d94d-9392-2f090b750157"},{"d":"BUY","p":0.381,"q":2.624973,"sq":1.000115,"ts":1677082002998534,"i":"2a38f764-5b80-8459-bbe4-d6dc77546da1"},{"d":"BUY","p":0.386,"q":20.725389,"sq":8,"ts":1677066691612852,"i":"19728dd7-660d-1e65-ac3a-0afb49c06c99"},{"d":"BUY","p":0.383,"q":10.443864,"sq":4,"ts":1677058865342509,"i":"961e54e8-ebe5-d4a3-a233-4b102f230c51"},{"d":"BUY","p":0.383,"q":10.443864,"sq":4,"ts":1677058865340924,"i":"966859bc-99ca-a2a8-a208-5819a35d2378"},{"d":"SELL","p":0.378,"q":11.389083,"sq":4.305073,"ts":1677055478752508,"i":"fc432828-b97f-432c-9dd4-5704fb49879d"},{"d":"SELL","p":0.384,"q":896.255247,"sq":344.162015,"ts":1677052448290263,"i":"6a30087e-36de-c8f5-9556-2fbbc0deb5e5"},{"d":"SELL","p":0.384,"q":539.192188,"sq":207.0498,"ts":1677052448290157,"i":"6a125ec5-8aee-5ef2-9553-3173cd761159"},{"d":"BUY","p":0.385,"q":20.779221,"sq":8,"ts":1677047623223259,"i":"e100fc36-cb34-5245-83b1-e4f2d301ee6f"},{"d":"BUY","p":0.385,"q":21.501491,"sq":8.278074,"ts":1677043625678000,"i":"28d5b7a5-a52d-1ca2-bbb1-da6ba1d8a36e"},{"d":"BUY","p":0.386,"q":118.529999,"sq":45.75258,"ts":1677042387858898,"i":"2de930b4-2ccb-6bb7-9502-d755036e466d"},{"d":"SELL","p":0.386,"q":72.22,"sq":27.87692,"ts":1677034177411360,"i":"d2fdb06b-51e9-2d46-bfeb-253406cccd16"},{"d":"SELL","p":0.386,"q":72.22,"sq":27.87692,"ts":1677034176414792,"i":"012a665b-08ba-295d-b461-c056e7af0c6d"},{"d":"BUY","p":0.389,"q":10.282776,"sq":4,"ts":1677018965334173,"i":"528864c6-66a3-1647-9cf8-e9fabe76106f"},{"d":"BUY","p":0.392,"q":10.331633,"sq":4.05,"ts":1677000726934981,"i":"98a97fe6-f9bd-7a25-b194-fc776affd258"},{"d":"BUY","p":0.391,"q":2.557836,"sq":1.000114,"ts":1676999195443508,"i":"8aa17ad4-8ca1-dda3-b988-fee2f5ca6cd2"},{"d":"BUY","p":0.391,"q":2.557545,"sq":1,"ts":1676998876558308,"i":"8a6b0a79-cd44-3ea1-b9bd-37838dcbbbe6"},{"d":"SELL","p":0.39,"q":2484.07761,"sq":968.790268,"ts":1676997097797308,"i":"9499fa11-99ec-f35d-9570-c375614318a8"},{"d":"SELL","p":0.391,"q":4.210554,"sq":1.646327,"ts":1676992351024414,"i":"01f73fa8-5878-de25-b63b-b74bc8bc04e8"},{"d":"SELL","p":0.392,"q":15.185445,"sq":5.952694,"ts":1676991979198860,"i":"8cd9cd7d-ed31-b912-a244-3d2b06d01f4b"},{"d":"BUY","p":0.393,"q":2.544819,"sq":1.000114,"ts":1676991979196920,"i":"01adc4d8-9b5b-6e2e-b600-975df0ee4e9b"},{"d":"BUY","p":0.395,"q":2.531934,"sq":1.000114,"ts":1676981033759988,"i":"a8f30b67-2f7e-c510-8362-bdf5318da249"},{"d":"BUY","p":0.395,"q":2.531929,"sq":1.000112,"ts":1676969860001218,"i":"a868ba16-0c2d-e112-836b-55019d439cac"},{"d":"SELL","p":0.403,"q":21.288864,"sq":8.579412,"ts":1676917520600575,"i":"4b4efa8f-c31a-7678-a6d7-bc01c130e446"},{"d":"SELL","p":0.407,"q":4.065356,"sq":1.6546,"ts":1676906599824523,"i":"c00112b6-8135-02c3-a457-49d66212d2b5"},{"d":"SELL","p":0.407,"q":6.095942,"sq":2.481048,"ts":1676904859329702,"i":"301b18f8-46a2-60f5-8744-fa4c1ee8acac"},{"d":"BUY","p":0.408,"q":21.331527,"sq":8.703263,"ts":1676903945485786,"i":"0edcb440-e21e-2e8d-ae4c-90b8a7e10cd7"},{"d":"BUY","p":0.408,"q":6.991154,"sq":2.852391,"ts":1676893412899855,"i":"82fa9feb-d9ed-decc-97bc-ff92c32b5772"},{"d":"BUY","p":0.409,"q":7.412922,"sq":3.031885,"ts":1676887786030340,"i":"24ec6039-5a71-623b-b8cc-240fe848de36"},{"d":"SELL","p":0.403,"q":2.481667,"sq":1.000112,"ts":1676869056789224,"i":"87f7946c-58cd-3ff6-8297-87bdc2663421"},{"d":"BUY","p":0.393,"q":2.544814,"sq":1.000112,"ts":1676856126423940,"i":"c703c377-7b46-4914-b870-1ba418aa57ac"},{"d":"SELL","p":0.39,"q":12.460241,"sq":4.859494,"ts":1676855692564465,"i":"937b586a-2fb6-ee26-9f0b-547ec4a5dd43"},{"d":"BUY","p":0.401,"q":10.199501,"sq":4.09,"ts":1676849528680324,"i":"d7a8515a-2ae5-c210-8aea-80c1d058541b"},{"d":"SELL","p":0.409,"q":6.226626,"sq":2.54669,"ts":1676822812936384,"i":"5f35e397-f985-c23c-8549-098d4a983b0c"},{"d":"SELL","p":0.41,"q":10,"sq":4.1,"ts":1676819968431391,"i":"a7054c5e-f9c3-bb8f-bb9c-f45329bb8701"},{"d":"SELL","p":0.406,"q":10,"sq":4.06,"ts":1676811001924380,"i":"5c2b8780-5ea6-9917-b077-1cc57b1088b8"},{"d":"SELL","p":0.402,"q":6.711858,"sq":2.698167,"ts":1676800692194403,"i":"3ca02bd7-3904-ad86-8eb1-183d24e76928"},{"d":"BUY","p":0.403,"q":6.745586,"sq":2.718471,"ts":1676800603447492,"i":"2e25f35e-5ae6-d132-8c82-2f8d43e36cf1"},{"d":"BUY","p":0.414,"q":15.030151,"sq":6.222483,"ts":1676736686347631,"i":"dc5f813b-24fa-1a14-9da8-6dbbb9de5f87"},{"d":"BUY","p":0.412,"q":48.917592,"sq":20.154048,"ts":1676736664612352,"i":"6cecd5cd-0480-23f7-866e-5b4b034b4937"},{"d":"BUY","p":0.41,"q":6.009077,"sq":2.463722,"ts":1676736646499703,"i":"327d185f-7564-3e3b-b546-a05a0e738f9f"},{"d":"BUY","p":0.408,"q":2.458355,"sq":1.003009,"ts":1676664393823075,"i":"b4b60fe9-a750-34a0-9ecc-0e644b96c01c"},{"d":"SELL","p":0.406,"q":10,"sq":4.06,"ts":1676663849847963,"i":"a5a0449c-7f4c-9922-ac2c-0ddba985bddf"},{"d":"SELL","p":0.404,"q":20,"sq":8.08,"ts":1676655800137692,"i":"c49faa24-d2cc-be78-9344-13e37cc7825d"},{"d":"BUY","p":0.402,"q":84.842925,"sq":34.106856,"ts":1676645047189626,"i":"79d70095-ac8e-bf6b-9d46-01a41e430137"},{"d":"BUY","p":0.394,"q":2073.13347,"sq":816.814587,"ts":1676616202647276,"i":"c940ab34-9e45-3325-a2bc-a9fc1926eb0d"},{"d":"BUY","p":0.394,"q":806.4,"sq":317.7216,"ts":1676616202647127,"i":"2cfd8b43-e060-3cba-91e2-541af6461115"},{"d":"SELL","p":0.393,"q":12.78,"sq":5.02254,"ts":1676615733831020,"i":"a7fcd64e-04ea-fc75-bb4a-13d4b4b02e57"},{"d":"BUY","p":0.389,"q":5.141388,"sq":2,"ts":1676591105874775,"i":"c6c1c3f2-d7e5-529f-ab76-0367141d070b"},{"d":"BUY","p":0.389,"q":2.570982,"sq":1.000112,"ts":1676590201059595,"i":"c6473481-a426-b096-ab55-daf7fe5efb9f"},{"d":"BUY","p":0.391,"q":2.557831,"sq":1.000112,"ts":1676588397142237,"i":"3b498c0f-529e-eeac-827f-08fc7d5db5ce"},{"d":"SELL","p":0.389,"q":10.776294,"sq":4.191978,"ts":1676587142651735,"i":"0709bb75-841f-7950-932c-858262954490"},{"d":"BUY","p":0.39,"q":12.820513,"sq":5,"ts":1676587142650430,"i":"ce9aa44b-04d3-31ed-8030-c941437002e9"},{"d":"BUY","p":0.395,"q":2.531929,"sq":1.000112,"ts":1676585691431062,"i":"fe130c0f-c5be-98cf-b6d5-d76a3a8bce7e"},{"d":"SELL","p":0.4,"q":2844.875092,"sq":1137.950037,"ts":1676580087993682,"i":"f64921b3-3253-6807-bd80-31286b2e39c6"},{"d":"SELL","p":0.401,"q":20,"sq":8.02,"ts":1676579950229607,"i":"da8c5a37-c47c-fb16-88a8-6fffd9216560"},{"d":"BUY","p":0.397,"q":15.075376,"sq":5.984924,"ts":1676579384130658,"i":"e9c9bff2-5ac7-ff5b-b5c3-458f2d25800d"},{"d":"BUY","p":0.398,"q":2.512844,"sq":1.000112,"ts":1676579317668363,"i":"ba25f4e2-e68b-03fc-8e42-953a1eda9b25"},{"d":"SELL","p":0.406,"q":20,"sq":8.12,"ts":1676568460899070,"i":"c9b9f9c2-6315-1ebd-8ccc-a5a211323250"},{"d":"SELL","p":0.404,"q":25,"sq":10.1,"ts":1676568047290836,"i":"0a0b0408-efca-46f0-80df-62d11f9f3dc7"},{"d":"SELL","p":0.407,"q":19.94,"sq":8.11558,"ts":1676541517752592,"i":"5f89318e-fc5c-17aa-9679-3d035be580bc"},{"d":"BUY","p":0.407,"q":4.914005,"sq":2,"ts":1676531592569080,"i":"0be9b675-faa2-9179-8f0b-daca1591913f"},{"d":"SELL","p":0.41,"q":3.735353,"sq":1.531495,"ts":1676530643641847,"i":"10482c9f-8df7-11d2-aef6-983159ec307c"},{"d":"BUY","p":0.41,"q":6.336422,"sq":2.597933,"ts":1676530435288990,"i":"4781d338-ab57-ff5e-be94-d4f5f8fe463a"},{"d":"BUY","p":0.409,"q":282.215552,"sq":115.426161,"ts":1676520803965475,"i":"42823585-69da-fd4a-be46-8f5f9e1334f5"},{"d":"BUY","p":0.409,"q":537.6,"sq":219.8784,"ts":1676520803867393,"i":"42fe09de-8173-aa4a-be46-3495d4390c1f"},{"d":"BUY","p":0.409,"q":537.6,"sq":219.8784,"ts":1676520803772683,"i":"42f520d3-cd3a-c244-be67-a4f2501a5bcb"},{"d":"BUY","p":0.409,"q":537.811736,"sq":219.965,"ts":1676520803667644,"i":"4288e4c9-0803-a143-be6c-bfd4854fdae9"},{"d":"SELL","p":0.41,"q":12.211134,"sq":5.006565,"ts":1676516778680989,"i":"c6603bab-a847-6762-a553-bdc7dcb6e2d9"},{"d":"SELL","p":0.41,"q":10.215384,"sq":4.188307,"ts":1676513460064113,"i":"ebd16b36-eda2-287d-a14f-dd186b63d70c"},{"d":"BUY","p":0.41,"q":50.888723,"sq":20.864376,"ts":1676513460062792,"i":"aa46fbe5-85d0-21d7-b7da-4664213279d4"},{"d":"BUY","p":0.42,"q":2.388117,"sq":1.003009,"ts":1676506600653280,"i":"0144560a-b1eb-c39f-aac8-d517482b47f8"},{"d":"BUY","p":0.42,"q":10,"sq":4.2,"ts":1676506600653180,"i":"064c30a2-d743-c8bc-8d3b-31b0aa57b5aa"},{"d":"BUY","p":0.418,"q":2.399543,"sq":1.003009,"ts":1676505227366917,"i":"af706d81-e0d6-2d3c-9914-aa66a91f5eaa"},{"d":"BUY","p":0.414,"q":2.422727,"sq":1.003009,"ts":1676505133513532,"i":"a1608733-5dbf-29f1-9b86-36343532b4bd"},{"d":"BUY","p":0.411,"q":2.440411,"sq":1.003009,"ts":1676505078220704,"i":"f069a8d3-f39a-e085-b4e1-605c03d69972"},{"d":"BUY","p":0.41,"q":10,"sq":4.1,"ts":1676505074645265,"i":"5b27cf2d-d65e-a33b-9bec-a075077757f3"},{"d":"BUY","p":0.41,"q":2.446363,"sq":1.003009,"ts":1676505074645196,"i":"a5768939-952c-a7df-b4a7-58200ebc1f7e"},{"d":"BUY","p":0.409,"q":2.452345,"sq":1.003009,"ts":1676504769563995,"i":"f53327fa-14bc-e1d1-b26f-02b6e8f3c911"},{"d":"SELL","p":0.401,"q":25,"sq":10.025,"ts":1676496793843731,"i":"39610822-2eb4-9dd0-8e3f-abd049421e76"},{"d":"SELL","p":0.402,"q":794.880938,"sq":319.542137,"ts":1676495988428676,"i":"70b69f57-b92d-5905-8017-03aa11fa4951"},{"d":"SELL","p":0.402,"q":603.798259,"sq":242.7269,"ts":1676495988428605,"i":"7072df17-0b85-d204-803a-dfd5b3b970fc"},{"d":"SELL","p":0.403,"q":100,"sq":40.3,"ts":1676493311454637,"i":"63735adf-4ae4-9c5d-b6f8-1e09b1e2b386"},{"d":"BUY","p":0.402,"q":1888.655721,"sq":759.2396,"ts":1676492501802661,"i":"d6db2876-10c2-40a5-b6e8-81750b3ad49b"},{"d":"BUY","p":0.401,"q":600.4,"sq":240.7604,"ts":1676492501802558,"i":"a8f5dfe8-5f0a-48f2-8a31-d89233de3fbf"},{"d":"BUY","p":0.4,"q":14.06501,"sq":5.626004,"ts":1676492450708676,"i":"ee1a7020-dfe7-bd55-859a-6bd8f75eaa1e"},{"d":"SELL","p":0.398,"q":5.045,"sq":2.00791,"ts":1676492180611923,"i":"b9b8231f-2c89-6d3f-abcf-327ad3ad67e1"},{"d":"SELL","p":0.388,"q":25,"sq":9.7,"ts":1676478648790963,"i":"4000c1b2-60c4-561e-811a-2a21d8bdf141"},{"d":"BUY","p":0.393,"q":2.552186,"sq":1.003009,"ts":1676464396138563,"i":"80044294-f161-95c7-9f97-7ad65100b571"},{"d":"SELL","p":0.392,"q":3.042041,"sq":1.19248,"ts":1676464155967576,"i":"2a312bd4-1ad6-9cf8-9cc1-dd5192591431"},{"d":"BUY","p":0.39,"q":23,"sq":8.97,"ts":1676463037270173,"i":"ea722f32-e583-6ae0-8167-042fd0952fed"},{"d":"BUY","p":0.327,"q":76.452599,"sq":25,"ts":1678195907965602,"i":"24b89e51-066d-1082-9356-be5867097e8e"},{"d":"BUY","p":0.328,"q":182.272021,"sq":59.785223,"ts":1678214455603211,"i":"8b79ea21-6373-466d-a004-908a1359cf3f"},{"d":"SELL","p":0.331,"q":12.744314,"sq":4.218368,"ts":1678218532361607,"i":"edfc1bb2-1816-bf58-8cd7-486d9baaf33e"},{"d":"BUY","p":0.327,"q":12.848609,"sq":4.201495,"ts":1678225165097415,"i":"25aeac53-519c-3897-bfc4-619144816401"},{"d":"SELL","p":0.322,"q":310.559006,"sq":100,"ts":1678255703489088,"i":"3c0c972e-0d0a-90e7-8f6d-1dc36a639419"},{"d":"BUY","p":0.324,"q":3.086777,"sq":1.000116,"ts":1678266100354166,"i":"a18ddf02-2a2f-4e9a-bb8e-a03c3672f9d0"},{"d":"BUY","p":0.325,"q":30.769231,"sq":10,"ts":1678271541122037,"i":"c013d334-616a-4ef3-a069-2a76c7e93e82"},{"d":"BUY","p":0.324,"q":305.481241,"sq":98.975922,"ts":1678289133685244,"i":"6657b0c8-d6cf-55db-847c-abaa239a9265"},{"d":"BUY","p":0.324,"q":658.3,"sq":213.2892,"ts":1678309810970009,"i":"ab0bdce2-c9ff-673d-9778-815d480614c4"},{"d":"BUY","p":0.324,"q":3964.8,"sq":1284.5952,"ts":1678309810970102,"i":"d722aafa-e534-6009-ac58-c2b9ee223a87"},{"d":"BUY","p":0.325,"q":2712.973735,"sq":881.716464,"ts":1678309810970222,"i":"18d21f9f-a59f-65c9-ab4a-b6bdeb1d7822"},{"d":"SELL","p":0.322,"q":7.797215,"sq":2.510703,"ts":1678311452013631,"i":"5d9a42a6-5aea-73aa-ba0d-4cc04cfa2083"},{"d":"SELL","p":0.313,"q":3.194888,"sq":1,"ts":1678316175739723,"i":"dd7805ca-e67a-42a8-afd7-f4e534cbb6be"},{"d":"BUY","p":0.315,"q":1069.992381,"sq":337.0476,"ts":1678316217739456,"i":"e2eee1ad-0354-02f4-9335-77a708e1c362"},{"d":"BUY","p":0.315,"q":1073.8,"sq":338.247,"ts":1678316217834088,"i":"e2b43085-4a39-0dff-933d-1b00fefe5ce5"},{"d":"BUY","p":0.315,"q":1073.8,"sq":338.247,"ts":1678316217912231,"i":"e26f7d2a-f147-82fa-9333-d9ebe601fe8c"},{"d":"BUY","p":0.315,"q":1073.8,"sq":338.247,"ts":1678316218004256,"i":"e28d8cc7-17e0-b7f4-933d-b4aa13a5d3f5"},{"d":"BUY","p":0.315,"q":1053.1,"sq":331.7265,"ts":1678316218099827,"i":"e2465506-ab91-68f2-9325-29d79077b188"},{"d":"BUY","p":0.315,"q":1053.1,"sq":331.7265,"ts":1678316218186681,"i":"e2d860c5-a385-fbfa-9333-4574737cb457"},{"d":"BUY","p":0.315,"q":916.473133,"sq":288.689037,"ts":1678316218272910,"i":"e278ef3e-2cc0-b2ff-932f-2106735bc652"},{"d":"BUY","p":0.318,"q":152.203861,"sq":48.400828,"ts":1678328840561297,"i":"a9476d5a-59f9-e4f1-be3a-fec9fa724f63"},{"d":"BUY","p":0.316,"q":7.913481,"sq":2.50066,"ts":1678353764392584,"i":"6cff3224-fdd8-6ab6-9f76-18dde57531e6"},{"d":"BUY","p":0.315,"q":31.746032,"sq":10,"ts":1678354877784261,"i":"70be3cf6-a96f-d10d-92c9-759468535e72"},{"d":"BUY","p":0.318,"q":50,"sq":15.9,"ts":1678362487984951,"i":"bc6c18b6-5053-953f-a197-48a26fe092af"},{"d":"BUY","p":0.313,"q":95.846645,"sq":30,"ts":1678387646834371,"i":"349e8667-e8ce-3fc2-93ee-f339f8e52381"},{"d":"SELL","p":0.31,"q":200,"sq":62,"ts":1678388683016636,"i":"5d437714-c319-51cd-852b-78ef58727e01"},{"d":"BUY","p":0.305,"q":3.279068,"sq":1.000116,"ts":1678396065993080,"i":"09256b60-8a4e-4151-9d03-c5a14b9cf0c7"},{"d":"BUY","p":0.307,"q":3.257329,"sq":1,"ts":1678416759654958,"i":"9a3153eb-ea63-b24e-a334-75482c0bcf03"},{"d":"BUY","p":0.309,"q":6.472492,"sq":2,"ts":1678422438262235,"i":"38c6a43a-50b9-d1e4-878c-8419c664d1d8"},{"d":"BUY","p":0.309,"q":73.785599,"sq":22.79975,"ts":1678422438260900,"i":"38897d5a-e7fd-27eb-87a5-6a3f8b7f027d"},{"d":"BUY","p":0.308,"q":47.24587,"sq":14.551728,"ts":1678422493132244,"i":"b0f249d9-7579-5d90-a067-9234d4c8c907"},{"d":"SELL","p":0.306,"q":3.267974,"sq":1,"ts":1678425170062498,"i":"8cd68abc-d80a-3e83-9c3f-cadc81a356c5"},{"d":"BUY","p":0.308,"q":100,"sq":30.8,"ts":1678428195382106,"i":"6671eefc-64a8-bff4-a605-2976c615f317"},{"d":"BUY","p":0.305,"q":682.1,"sq":208.0405,"ts":1678432747738769,"i":"4b37eda1-9ed5-76ba-8177-cb2192f34c8d"},{"d":"BUY","p":0.305,"q":160.262666,"sq":48.880113,"ts":1678432747738888,"i":"3d2f5086-3cdb-7baf-a7d8-a9297175c8b7"},{"d":"SELL","p":0.302,"q":7.881827,"sq":2.380312,"ts":1678441923171881,"i":"2cc2ac44-2e9e-f6e2-b17b-08ad29715c7a"},{"d":"BUY","p":0.3,"q":151.891877,"sq":45.567563,"ts":1678443945293321,"i":"f99de594-c773-d071-a894-ed319b134e57"},{"d":"BUY","p":0.301,"q":14.725704,"sq":4.432437,"ts":1678443945293380,"i":"71b0d5e8-6a78-d2b2-93b8-9ed34f52d614"},{"d":"SELL","p":0.3,"q":26.87479,"sq":8.062437,"ts":1678443945291186,"i":"f9b44e5f-b363-0b71-a8aa-53232754064e"},{"d":"SELL","p":0.3,"q":4,"sq":1.2,"ts":1678443945291236,"i":"f9744880-9edb-cd7b-a886-3f9a003ee1b9"},{"d":"SELL","p":0.3,"q":333.333333,"sq":100,"ts":1678443945291265,"i":"f90d6c9a-9ef0-6174-a8a8-41bc8f154f0c"},{"d":"SELL","p":0.3,"q":3.333333,"sq":1,"ts":1678443945291298,"i":"f9066f98-efd9-2b71-a889-d23df9a7f44c"},{"d":"BUY","p":0.3,"q":166.666667,"sq":50,"ts":1678443945292586,"i":"f9aea0ec-a6f0-1978-a89a-b2594f531182"},{"d":"SELL","p":0.299,"q":36.473413,"sq":10.90555,"ts":1678444379344300,"i":"13567161-afb2-e0f7-85ab-7c4295d22064"},{"d":"BUY","p":0.31,"q":600.482194,"sq":186.14948,"ts":1678477659047675,"i":"ad1bde90-6763-ae60-8242-9842c41a593d"},{"d":"BUY","p":0.311,"q":3911.8,"sq":1216.5698,"ts":1678480187725974,"i":"2592d804-0fa7-e607-9f2f-d47fcc6ac72e"},{"d":"BUY","p":0.311,"q":650.7,"sq":202.3677,"ts":1678480187726050,"i":"15c0b45d-1034-e7b7-ad42-4907c26534ba"},{"d":"BUY","p":0.311,"q":2823.412682,"sq":878.081344,"ts":1678480187726090,"i":"19ff7431-41cb-e094-a469-86f932a785ea"},{"d":"SELL","p":0.309,"q":17.023195,"sq":5.260167,"ts":1678483415571481,"i":"6af61f92-8a95-498b-8dcd-aa4fd5394aa0"},{"d":"SELL","p":0.317,"q":609.1,"sq":193.0847,"ts":1678505845257530,"i":"af8f56e1-12bb-c30f-8497-01c027138084"},{"d":"SELL","p":0.317,"q":609.1,"sq":193.0847,"ts":1678505845356230,"i":"904173bc-e877-c85b-928e-f3665d06da43"},{"d":"SELL","p":0.317,"q":609.1,"sq":193.0847,"ts":1678505845452781,"i":"bcd7dc60-e952-cbda-8627-11cdf1efb1f6"},{"d":"SELL","p":0.317,"q":608.180656,"sq":192.793268,"ts":1678505845536421,"i":"079e5aac-9025-c5b3-bb84-b919fc9fc7b5"},{"d":"BUY","p":0.318,"q":36.854305,"sq":11.719669,"ts":1678513079936558,"i":"cd52b723-c058-af16-8ff1-a24651849a66"},{"d":"SELL","p":0.316,"q":3.164557,"sq":1,"ts":1678516430201758,"i":"a9f2a934-c959-b178-a6ec-fe4552ea23ac"},{"d":"BUY","p":0.314,"q":3.184713,"sq":1,"ts":1678519142010662,"i":"6eb010a7-e997-3a07-bdf3-494b76977f88"},{"d":"BUY","p":0.314,"q":3.184713,"sq":1,"ts":1678519153935755,"i":"6e2ad882-c025-c608-bdec-3137096fa6f3"},{"d":"SELL","p":0.305,"q":3.278689,"sq":1,"ts":1678542800285176,"i":"c061b154-4a5f-bfcd-ba9a-ff05f8900e83"},{"d":"BUY","p":0.305,"q":122.674685,"sq":37.415779,"ts":1678641360903276,"i":"29905fa9-6081-74f8-b9ba-64f383ae958c"},{"d":"BUY","p":0.316,"q":3.164557,"sq":1,"ts":1678646919331697,"i":"072b1b50-f97b-32e6-b191-6ec0b80f0bc1"},{"d":"BUY","p":0.316,"q":3.164557,"sq":1,"ts":1678646920275211,"i":"07832ff2-8415-38e6-b19c-a4f06f3523c5"},{"d":"SELL","p":0.329,"q":122.183986,"sq":40.198531,"ts":1678664743461309,"i":"03fbe06c-b6a5-c471-bef7-fb7dc0f0baa4"},{"d":"SELL","p":0.336,"q":277.29031,"sq":93.169544,"ts":1678672012007158,"i":"b0629308-acef-2c8b-a636-35ee8e238623"},{"d":"BUY","p":0.337,"q":1647.705451,"sq":555.276737,"ts":1678699024563107,"i":"f7da9e1d-0fd2-8f13-87bf-7ed82801e5b7"},{"d":"SELL","p":0.335,"q":666.99685,"sq":223.443945,"ts":1678699516813064,"i":"066fabc2-33e4-9ff0-8a4d-9ee16bbf6454"},{"d":"SELL","p":0.333,"q":31.6,"sq":10.5228,"ts":1678713466914618,"i":"8477a1c8-10d7-63ab-9119-52456a40031a"},{"d":"SELL","p":0.333,"q":6.446602,"sq":2.146718,"ts":1678713466915916,"i":"a4bc04a5-4b20-659f-8598-82c7b9144eb7"},{"d":"BUY","p":0.345,"q":2.907273,"sq":1.003009,"ts":1678717510400958,"i":"beb65b2c-89f4-824c-b487-306ecced176f"},{"d":"BUY","p":0.345,"q":664.328863,"sq":229.193458,"ts":1678717510401067,"i":"96dabdb6-bca6-8d76-a8db-2c9a8b573e8d"},{"d":"BUY","p":0.345,"q":23.746701,"sq":8.192612,"ts":1678747025320005,"i":"ba965756-4e52-9a21-81dd-5df51dc0318d"},{"d":"SELL","p":0.343,"q":382.836253,"sq":131.312835,"ts":1678758887564967,"i":"ec994e83-019b-9b56-bce7-0e6c2dd63165"},{"d":"SELL","p":0.341,"q":30.7,"sq":10.4687,"ts":1678794583960109,"i":"f2d6cff4-8539-ec2a-bb8c-313cc68a44db"},{"d":"BUY","p":0.354,"q":2.833359,"sq":1.003009,"ts":1678798020708124,"i":"fa4307ad-3349-a76c-a5ee-b818ff8418cf"},{"d":"BUY","p":0.359,"q":756.859889,"sq":271.7127,"ts":1678798917392619,"i":"38c83f7c-cb59-e95b-b0ea-c000f545d41b"},{"d":"BUY","p":0.359,"q":183.140111,"sq":65.7473,"ts":1678798917545143,"i":"382f4117-294c-7c52-b0f2-8933ce7f1780"},{"d":"BUY","p":0.361,"q":781,"sq":281.941,"ts":1678799873033296,"i":"aa0a1eb4-ecd2-df32-ac8e-e374a9b7e775"},{"d":"BUY","p":0.361,"q":1989.083102,"sq":718.059,"ts":1678799873033346,"i":"e9dd8177-a847-d2e6-95c4-2d51e56e7274"},{"d":"BUY","p":0.36,"q":381.304908,"sq":137.269767,"ts":1678802384166293,"i":"e830ddf5-3667-6085-bf02-73d0a2938355"},{"d":"BUY","p":0.363,"q":2.76311,"sq":1.003009,"ts":1678803419249014,"i":"b9e3e255-73c1-9d08-a9d1-fd82f2adcee6"},{"d":"BUY","p":0.364,"q":4.823305,"sq":1.755683,"ts":1678803663767567,"i":"3777e683-f53d-d43b-b3c4-0f39da10fdac"}]}